<record xmlns:xsi="http://www.w3.org/2001/XMLSchema-instance" xmlns="http://www.loc.gov/MARC21/slim" xsi:schemaLocation="http://www.loc.gov/MARC21/slim http://www.loc.gov/standards/marcxml/schema/MARC21slim.xsd">

  <leader>00596nam a2200181Ia 4500</leader>
  <datafield ind1=" " ind2=" " tag="999">
    <subfield code="c">1070</subfield>
    <subfield code="d">1070</subfield>
  </datafield>
  <controlfield tag="008">180529b2001    cr ||||| |||| 00| | spa d</controlfield>
  <datafield tag="020" ind2=" " ind1=" ">
    <subfield code="a">9977-67-625-9</subfield>
  </datafield>
  <datafield ind2=" " tag="090" ind1=" ">
    <subfield code="a">06.04.05 </subfield>
    <subfield code="b">1789</subfield>
  </datafield>
  <datafield tag="100" ind2=" " ind1=" ">
    <subfield code="a">Ruiz Zúñiga, Ángel </subfield>
    <subfield code="9">1555</subfield>
  </datafield>
  <datafield ind1="1" ind2="3" tag="245">
    <subfield code="a">La Educación en Costa Rica: tendencias y retos en un nuevo escenario histórico / </subfield>
    <subfield code="c">Angel Ruiz</subfield>
  </datafield>
  <datafield ind1=" " ind2=" " tag="250">
    <subfield code="a">1 edición</subfield>
  </datafield>
  <datafield ind1=" " ind2=" " tag="260">
    <subfield code="a">Costa Rica : </subfield>
    <subfield code="b">Editorial de la Universidad de Costa Rica : CONARE, </subfield>
    <subfield code="c">2001</subfield>
  </datafield>
  <datafield ind1=" " tag="300" ind2=" ">
    <subfield code="a">288 páginas</subfield>
  </datafield>
  <datafield tag="650" ind2="4" ind1="1">
    <subfield code="a">UNIVERSIDADES </subfield>
    <subfield code="9">16</subfield>
  </datafield>
  <datafield tag="650" ind2="4" ind1="1">
    <subfield code="a">EDUCACIÓN SUPERIOR</subfield>
    <subfield code="9">8</subfield>
  </datafield>
  <datafield ind2="4" tag="650" ind1="1">
    <subfield code="a">HISTORIA</subfield>
    <subfield code="9">22</subfield>
  </datafield>
  <datafield ind1=" " tag="942" ind2=" ">
    <subfield code="2">z</subfield>
    <subfield code="c">01</subfield>
  </datafield>
</record>